@article{Abascal2005,
  title = {A General Purpose Model for the Condensed Phases of Water: {{TIP4P}}/2005},
  author = {Abascal, J. L. F. and Vega, C.},
  year = {2005},
  month = dec,
  journal = {The Journal of Chemical Physics},
  volume = {123},
  number = {23},
  pages = {234505},
  publisher = {{AIP Publishing}},
  doi = {10.1063/1.2121687}
}

@article{abbottArbitraryOrderDerivativesQuantum2021,
  title = {Arbitrary-{{Order Derivatives}} of {{Quantum Chemical Methods}} via {{Automatic Differentiation}}},
  author = {Abbott, Adam S. and Abbott, Boyi Z. and Turney, Justin M. and Schaefer, Henry F.},
  year = {2021},
  month = apr,
  journal = {The Journal of Physical Chemistry Letters},
  volume = {12},
  number = {12},
  pages = {3232--3239},
  issn = {1948-7185, 1948-7185},
  doi = {10.1021/acs.jpclett.1c00607},
  urldate = {2023-08-09},
  langid = {english}
}

@article{artrithBestPracticesMachine2021,
  title = {Best Practices in Machine Learning for Chemistry},
  author = {Artrith, Nongnuch and Butler, Keith T. and Coudert, Fran{\c c}ois-Xavier and Han, Seungwu and Isayev, Olexandr and Jain, Anubhav and Walsh, Aron},
  year = {2021},
  month = jun,
  journal = {Nature Chemistry},
  volume = {13},
  number = {6},
  pages = {505--508},
  publisher = {{Nature Publishing Group}},
  issn = {1755-4349},
  doi = {10.1038/s41557-021-00716-z},
  urldate = {2023-08-17},
  copyright = {2021 Springer Nature Limited},
  langid = {english}
}

@article{bartokMachineLearningUnifies2017a,
  title = {Machine Learning Unifies the Modeling of Materials and Molecules},
  author = {Bart{\'o}k, Albert P. and De, Sandip and Poelking, Carl and Bernstein, Noam and Kermode, James R. and Cs{\'a}nyi, G{\'a}bor and Ceriotti, Michele},
  year = {2017},
  month = dec,
  journal = {Science Advances},
  volume = {3},
  number = {12},
  pages = {e1701816},
  publisher = {{American Association for the Advancement of Science}},
  issn = {2375-2548},
  doi = {10.1126/sciadv.1701816},
  urldate = {2021-07-08},
  chapter = {Research Article},
  copyright = {Copyright {\textcopyright} 2017 The Authors, some rights reserved; exclusive licensee American Association for the Advancement of Science. No claim to original U.S. Government Works. Distributed under a Creative Commons Attribution NonCommercial License 4.0 (CC BY-NC).. This is an open-access article distributed under the terms of the Creative Commons Attribution-NonCommercial license, which permits use, distribution, and reproduction in any medium, so long as the resultant use is not for commercial advantage and provided the original work is properly cited.},
  langid = {english}
}

@misc{batatiaDesignSpaceEquivariant2022,
  title = {The {{Design Space}} of {{E}}(3)-{{Equivariant Atom-Centered Interatomic Potentials}}},
  author = {Batatia, Ilyes and Batzner, Simon and Kov{\'a}cs, D{\'a}vid P{\'e}ter and Musaelian, Albert and Simm, Gregor N. C. and Drautz, Ralf and Ortner, Christoph and Kozinsky, Boris and Cs{\'a}nyi, G{\'a}bor},
  year = {2022},
  month = nov,
  number = {arXiv:2205.06643},
  eprint = {2205.06643},
  primaryclass = {cond-mat, physics:physics, stat},
  publisher = {{arXiv}},
  doi = {10.48550/arXiv.2205.06643},
  urldate = {2023-01-30},
  archiveprefix = {arxiv}
}

@article{bisboEfficientGlobalStructure2020,
  title = {Efficient {{Global Structure Optimization}} with a {{Machine-Learned Surrogate Model}}},
  author = {Bisbo, Malthe K. and Hammer, Bj{\o}rk},
  year = {2020},
  month = feb,
  journal = {Physical Review Letters},
  volume = {124},
  number = {8},
  pages = {086102},
  issn = {0031-9007, 1079-7114},
  doi = {10.1103/PhysRevLett.124.086102},
  urldate = {2021-06-30},
  langid = {english}
}

@article{braunBestPracticesFoundations2019,
  title = {Best {{Practices}} for {{Foundations}} in {{Molecular Simulations}} [{{Article}} v1.0]},
  author = {Braun, Efrem and Gilmer, Justin and Mayes, Heather B. and Mobley, David L. and Monroe, Jacob I. and Prasad, Samarjeet and Zuckerman, Daniel M.},
  year = {2019},
  journal = {Living Journal of Computational Molecular Science},
  volume = {1},
  number = {1},
  pages = {5957--5957},
  issn = {2575-6524},
  doi = {10.33011/livecoms.1.1.5957},
  urldate = {2023-08-17},
  copyright = {Copyright (c) 2018},
  langid = {english}
}

@article{brooksCHARMMProgramMacromolecular1983,
  title = {{{CHARMM}}: {{A}} Program for Macromolecular Energy, Minimization, and Dynamics Calculations},
  shorttitle = {{{CHARMM}}},
  author = {Brooks, Bernard R. and Bruccoleri, Robert E. and Olafson, Barry D. and States, David J. and Swaminathan, S. and Karplus, Martin},
  year = 1983,
  journal = {Journal of Computational Chemistry},
  volume = {4},
  number = {2},
  pages = {187--217},
  issn = {0192-8651, 1096-987X},
  doi = {10.1002/jcc.540040211},
  urldate = {2023-08-17},
  langid = {english}
}

@article{burschBestPracticeDFT2022,
  title = {Best-{{Practice DFT Protocols}} for {{Basic Molecular Computational Chemistry}}**},
  author = {Bursch, Markus and Mewes, Jan-Michael and Hansen, Andreas and Grimme, Stefan},
  year = {2022},
  month = oct,
  journal = {Angewandte Chemie},
  volume = {134},
  number = {42},
  issn = {0044-8249, 1521-3757},
  doi = {10.1002/ange.202205735},
  urldate = {2023-08-09},
  langid = {english}
}

@article{caroOptimizingManybodyAtomic2019,
  title = {Optimizing Many-Body Atomic Descriptors for Enhanced Computational Performance of Machine Learning Based Interatomic Potentials},
  author = {Caro, Miguel A.},
  year = {2019},
  month = jul,
  journal = {Physical Review B},
  volume = {100},
  number = {2},
  pages = {024112},
  doi = {10.1103/PhysRevB.100.024112},
  urldate = {2020-02-26}
}

@article{ceriottiUnsupervisedMachineLearning2019,
  ids = {ceriottiUnsupervisedMachineLearning2019a},
  title = {Unsupervised Machine Learning in Atomistic Simulations, between Predictions and Understanding},
  author = {Ceriotti, Michele},
  year = {2019},
  month = apr,
  journal = {The Journal of Chemical Physics},
  volume = {150},
  number = {15},
  pages = {150901},
  publisher = {{American Institute of Physics; http://web.archive.org/web/20200513202320/https://aip.scitation.org/doi/10.1063/1.5091842}},
  issn = {0021-9606},
  doi = {10.1063/1.5091842},
  urldate = {2020-05-13}
}

@article{certikHighorderFiniteElement2023a,
  title = {High-Order Finite Element Method for Atomic Structure Calculations},
  author = {{\v C}ert{\'i}k, Ond{\v r}ej and Pask, John E. and Fernando, Isuru and Goswami, Rohit and Sukumar, N. and Collins, {\relax Lee}. A. and Manzini, Gianmarco and Vack{\'a}{\v r}, Ji{\v r}{\'i}},
  year = {2023},
  month = dec,
  journal = {Computer Physics Communications},
  pages = {109051},
  issn = {00104655},
  doi = {10.1016/j.cpc.2023.109051},
  urldate = {2023-12-18},
  langid = {english}
}

@article{chengClassicalNucleationTheory2020,
  title = {Classical Nucleation Theory Predicts the Shape of the Nucleus in Homogeneous Solidification},
  author = {Cheng, Bingqing and Ceriotti, Michele and Tribello, Gareth A.},
  year = {2020},
  month = jan,
  journal = {The Journal of Chemical Physics},
  volume = {152},
  number = {4},
  pages = {044103},
  publisher = {{American Institute of Physics; http://web.archive.org/web/20200629151802/https://aip.scitation.org/doi/full/10.1063/1.5134461}},
  issn = {0021-9606},
  doi = {10.1063/1.5134461},
  urldate = {2020-06-29}
}

@article{christensen2017qml,
  title = {{{QML}}: {{A Python}} Toolkit for Quantum Machine Learning},
  author = {Christensen, Anders S and Faber, {\relax FA} and Huang, B and Bratholm, {\relax LA} and Tkatchenko, A and Muller, {\relax KR} and {von Lilienfeld}, {\relax OA}},
  year = {2017},
  journal = {URL https://github. com/qmlcode/qml}
}

@article{christensenRoleGradientsMachine2020a,
  title = {On the Role of Gradients for Machine Learning of Molecular Energies and Forces},
  author = {Christensen, Anders S and Von Lilienfeld, O Anatole},
  year = {2020},
  month = oct,
  journal = {Machine Learning: Science and Technology},
  volume = {1},
  number = {4},
  pages = {045018},
  issn = {2632-2153},
  doi = {10.1088/2632-2153/abba6f},
  urldate = {2023-08-09}
}

@article{christiansenGaussianRepresentationImage2020,
  title = {Gaussian Representation for Image Recognition and Reinforcement Learning of Atomistic Structure},
  author = {Christiansen, Mads-Peter V. and Mortensen, Henrik Lund and Meldgaard, S{\o}ren Ager and Hammer, Bj{\o}rk},
  year = {2020},
  month = jul,
  journal = {The Journal of Chemical Physics},
  volume = {153},
  number = {4},
  pages = {044107},
  issn = {0021-9606, 1089-7690},
  doi = {10.1063/5.0015571},
  urldate = {2021-06-30},
  langid = {english}
}

@inproceedings{cortesLearningCurvesAsymptotic1993a,
  title = {Learning Curves: Asymptotic Values and Rate of Convergence},
  shorttitle = {Learning Curves},
  booktitle = {Proceedings of the 6th {{International Conference}} on {{Neural Information Processing Systems}}},
  author = {Cortes, Corinna and Jackel, L. D. and Solla, Sara A. and Vapnik, Vladimir and Denker, John S.},
  year = {1993},
  month = nov,
  series = {{{NIPS}}'93},
  pages = {327--334},
  publisher = {{Morgan Kaufmann Publishers Inc.}},
  address = {{San Francisco, CA, USA}},
  urldate = {2023-08-17}
}

@article{debnathGaussianMixtureBasedEnhanced2020,
  title = {Gaussian {{Mixture-Based Enhanced Sampling}} for {{Statics}} and {{Dynamics}}},
  author = {Debnath, Jayashrita and Parrinello, Michele},
  year = {2020},
  month = jul,
  journal = {The Journal of Physical Chemistry Letters},
  volume = {11},
  number = {13},
  pages = {5076--5080},
  issn = {1948-7185, 1948-7185},
  doi = {10.1021/acs.jpclett.0c01125},
  urldate = {2023-08-09},
  langid = {english}
}

@article{deComparingMoleculesSolids2016,
  title = {Comparing Molecules and Solids across Structural and Alchemical Space},
  author = {De, Sandip and Bart{\'o}k, Albert P. and Cs{\'a}nyi, G{\'a}bor and Ceriotti, Michele},
  year = {2016},
  month = may,
  journal = {Physical Chemistry Chemical Physics},
  volume = {18},
  number = {20},
  pages = {13754--13769},
  publisher = {{The Royal Society of Chemistry; http://web.archive.org/web/20200619022204/https://pubs.rsc.org/en/content/articlelanding/2016/cp/c6cp00415f}},
  issn = {1463-9084},
  doi = {10.1039/C6CP00415F},
  urldate = {2020-06-19},
  langid = {english}
}

@article{deringerGaussianProcessRegression2021,
  title = {Gaussian {{Process Regression}} for {{Materials}} and {{Molecules}}},
  author = {Deringer, Volker L. and Bart{\'o}k, Albert P. and Bernstein, Noam and Wilkins, David M. and Ceriotti, Michele and Cs{\'a}nyi, G{\'a}bor},
  year = {2021},
  month = aug,
  journal = {Chemical Reviews},
  volume = {121},
  number = {16},
  pages = {10073--10141},
  issn = {0009-2665, 1520-6890},
  doi = {10.1021/acs.chemrev.1c00022},
  urldate = {2023-04-05},
  langid = {english}
}

@article{duanLearningFailurePredicting2019,
  title = {Learning from {{Failure}}: {{Predicting Electronic Structure Calculation Outcomes}} with {{Machine Learning Models}}},
  shorttitle = {Learning from {{Failure}}},
  author = {Duan, Chenru and Janet, Jon Paul and Liu, Fang and Nandy, Aditya and Kulik, Heather J.},
  year = {2019},
  month = apr,
  journal = {Journal of Chemical Theory and Computation},
  volume = {15},
  number = {4},
  pages = {2331--2345},
  issn = {1549-9618, 1549-9626},
  doi = {10.1021/acs.jctc.9b00057},
  urldate = {2023-08-09},
  langid = {english}
}

@book{efronComputerAgeStatistical,
  title = {Computer {{Age Statistical Inference}}},
  author = {Efron, Bradley and Hastie, Trevor},
  langid = {english}
}

@article{emalopezSeriallyImprovedGTOs2023,
  title = {Serially Improved {{GTOs}} for Molecular Applications ({{SIGMA}}): {{Basis}} Sets from {{H}} to {{Ne}}},
  shorttitle = {Serially Improved {{GTOs}} for Molecular Applications ({{SIGMA}})},
  author = {Ema L{\'o}pez, Ignacio and Ram{\'i}rez Moreno, Guillermo and L{\'o}pez Fern{\'a}ndez, Rafael and Garc{\'i}a De La Vega, Jos{\'e} Manuel},
  year = {2023},
  month = jun,
  journal = {The Journal of Chemical Physics},
  volume = {158},
  number = {24},
  pages = {244112},
  issn = {0021-9606, 1089-7690},
  doi = {10.1063/5.0150615},
  urldate = {2023-08-09},
  langid = {english}
}

@misc{fuForcesAreNot2022,
  title = {Forces Are Not {{Enough}}: {{Benchmark}} and {{Critical Evaluation}} for {{Machine Learning Force Fields}} with {{Molecular Simulations}}},
  shorttitle = {Forces Are Not {{Enough}}},
  author = {Fu, Xiang and Wu, Zhenghao and Wang, Wujie and Xie, Tian and Keten, Sinan and {Gomez-Bombarelli}, Rafael and Jaakkola, Tommi},
  year = {2022},
  month = oct,
  number = {arXiv:2210.07237},
  eprint = {2210.07237},
  primaryclass = {physics},
  publisher = {{arXiv}},
  urldate = {2023-08-17},
  archiveprefix = {arxiv}
}

@article{fungAtomicStructureGeneration2022,
  title = {Atomic Structure Generation from Reconstructing Structural Fingerprints},
  author = {Fung, Victor and Jia, Shuyi and Zhang, Jiaxin and Bi, Sirui and Yin, Junqi and Ganesh, P.},
  year = {2022},
  month = nov,
  journal = {Machine Learning: Science and Technology},
  volume = {3},
  number = {4},
  pages = {045018},
  publisher = {{IOP Publishing}},
  issn = {2632-2153},
  doi = {10.1088/2632-2153/aca1f7},
  urldate = {2023-01-30},
  langid = {english}
}

@article{goldbergWhatEveryComputer1991,
  title = {What Every Computer Scientist Should Know about Floating-Point Arithmetic},
  author = {Goldberg, David},
  year = {1991},
  month = mar,
  journal = {ACM Computing Surveys},
  volume = {23},
  number = {1},
  pages = {5--48},
  issn = {0360-0300, 1557-7341},
  doi = {10.1145/103162.103163},
  urldate = {2021-08-13},
  langid = {english}
}

@article{Goswami2020,
  title = {Universal Nucleation Behaviour of Sheared Systems},
  author = {Goswami, Amrita and Dalal, Indranil Saha and Singh, Jayant K.},
  year = {2020},
  month = nov,
  eprint = {2011.01020v1},
  primaryclass = {cond-mat.soft},
  archiveprefix = {arxiv}
}

@article{goswamiHomogeneousNucleationSheared2021,
  title = {Homogeneous Nucleation of Sheared Liquids: Advances and Insights from Simulations and Theory},
  shorttitle = {Homogeneous Nucleation of Sheared Liquids},
  author = {Goswami, Amrita and Singh, Jayant K.},
  year = {2021},
  month = jul,
  journal = {Physical Chemistry Chemical Physics},
  volume = {23},
  number = {29},
  pages = {15402--15419},
  publisher = {{The Royal Society of Chemistry}},
  issn = {1463-9084},
  doi = {10.1039/D1CP02617H},
  urldate = {2022-01-28},
  langid = {english}
}

@article{grisafiIncorporatingLongrangePhysics2019,
  title = {Incorporating Long-Range Physics in Atomic-Scale Machine           Learning},
  author = {Grisafi, Andrea and Ceriotti, Michele},
  year = {2019},
  month = nov,
  journal = {The Journal of Chemical Physics},
  volume = {151},
  number = {20},
  pages = {204105},
  publisher = {{American Institute of Physics; http://web.archive.org/web/20200629153734/https://aip.scitation.org/doi/10.1063/1.5128375}},
  issn = {0021-9606},
  doi = {10.1063/1.5128375},
  urldate = {2020-06-29}
}

@article{grisafiSymmetryAdaptedMachineLearning2018a,
  title = {Symmetry-{{Adapted Machine Learning}} for {{Tensorial Properties}} of {{Atomistic Systems}}},
  author = {Grisafi, Andrea and Wilkins, David M. and Cs{\'a}nyi, G{\'a}bor and Ceriotti, Michele},
  year = {2018},
  month = jan,
  journal = {Physical Review Letters},
  volume = {120},
  number = {3},
  pages = {036002},
  publisher = {{American Physical Society}},
  doi = {10.1103/PhysRevLett.120.036002},
  urldate = {2023-01-30}
}

@article{grossfieldBestPracticesQuantification2019,
  title = {Best {{Practices}} for {{Quantification}} of {{Uncertainty}} and {{Sampling Quality}} in {{Molecular Simulations}} [{{Article}} v1.0]},
  author = {Grossfield, Alan and Patrone, Paul N. and Roe, Daniel R. and Schultz, Andrew J. and Siderius, Daniel and Zuckerman, Daniel M.},
  year = {2019},
  journal = {Living Journal of Computational Molecular Science},
  volume = {1},
  number = {1},
  pages = {5067--5067},
  issn = {2575-6524},
  doi = {10.33011/livecoms.1.1.5067},
  urldate = {2022-10-11},
  copyright = {Copyright (c) 2018},
  langid = {english}
}

@article{heinenMachineLearningComputational2020,
  title = {Machine Learning the Computational Cost of Quantum Chemistry},
  author = {Heinen, Stefan and Schwilk, Max and von Rudorff, Guido Falk and von Lilienfeld, O. Anatole},
  year = {2020},
  month = mar,
  journal = {Machine Learning: Science and Technology},
  volume = {1},
  number = {2},
  pages = {025002},
  publisher = {{IOP Publishing}},
  issn = {2632-2153},
  doi = {10.1088/2632-2153/ab6ac4},
  urldate = {2023-08-17},
  langid = {english}
}

@article{heinenTransitionStateSearch2022,
  title = {Transition State Search and Geometry Relaxation throughout Chemical Compound Space with Quantum Machine Learning},
  author = {Heinen, Stefan and Von Rudorff, Guido Falk and Von Lilienfeld, O. Anatole},
  year = {2022},
  month = dec,
  journal = {The Journal of Chemical Physics},
  volume = {157},
  number = {22},
  pages = {221102},
  issn = {0021-9606, 1089-7690},
  doi = {10.1063/5.0112856},
  urldate = {2023-08-09},
  langid = {english}
}

@book{hennigProbabilisticNumerics,
  title = {Probabilistic {{Numerics}}},
  author = {Hennig, P and Osborne, M A and Kersting, H P},
  langid = {english}
}

@article{himanenDScribeLibraryDescriptors2020,
  title = {{{DScribe}}: {{Library}} of Descriptors for Machine Learning in Materials Science},
  shorttitle = {{{DScribe}}},
  author = {Himanen, Lauri and J{\"a}ger, Marc O. J. and Morooka, Eiaki V. and Federici Canova, Filippo and Ranawat, Yashasvi S. and Gao, David Z. and Rinke, Patrick and Foster, Adam S.},
  year = {2020},
  month = feb,
  journal = {Computer Physics Communications},
  volume = {247},
  pages = {106949},
  issn = {0010-4655},
  doi = {10.1016/j.cpc.2019.106949},
  urldate = {2020-06-29},
  langid = {english}
}

@article{huangCentralRoleDensity2023,
  title = {The Central Role of Density Functional Theory in the {{AI}} Age},
  author = {Huang, Bing and {von Rudorff}, Guido Falk and {von Lilienfeld}, O. Anatole},
  year = {2023},
  month = jul,
  journal = {Science},
  volume = {381},
  number = {6654},
  pages = {170--175},
  publisher = {{American Association for the Advancement of Science}},
  doi = {10.1126/science.abn3445},
  urldate = {2024-01-04}
}

@article{huberAutomatedReproducibleWorkflows2022,
  title = {Automated Reproducible Workflows and Data Provenance with {{AiiDA}}},
  author = {Huber, Sebastiaan P.},
  year = {2022},
  month = jul,
  journal = {Nature Reviews Physics},
  volume = {4},
  number = {7},
  pages = {431--431},
  publisher = {{Nature Publishing Group}},
  issn = {2522-5820},
  doi = {10.1038/s42254-022-00463-1},
  urldate = {2022-10-11},
  copyright = {2022 Springer Nature Limited},
  langid = {english}
}

@article{huberCommonWorkflowsComputing2021,
  title = {Common Workflows for Computing Material Properties Using Different Quantum Engines},
  author = {Huber, Sebastiaan P. and Bosoni, Emanuele and Bercx, Marnik and Br{\"o}der, Jens and Degomme, Augustin and Dikan, Vladimir and Eimre, Kristjan and {Flage-Larsen}, Espen and Garcia, Alberto and Genovese, Luigi and Gresch, Dominik and Johnston, Conrad and Petretto, Guido and Ponc{\'e}, Samuel and Rignanese, Gian-Marco and Sewell, Christopher J. and Smit, Berend and Tseplyaev, Vasily and Uhrin, Martin and Wortmann, Daniel and Yakutovich, Aliaksandr V. and Zadoks, Austin and {Zarabadi-Poor}, Pezhman and Zhu, Bonan and Marzari, Nicola and Pizzi, Giovanni},
  year = {2021},
  month = aug,
  journal = {npj Computational Materials},
  volume = {7},
  number = {1},
  pages = {1--12},
  publisher = {{Nature Publishing Group}},
  issn = {2057-3960},
  doi = {10.1038/s41524-021-00594-6},
  urldate = {2022-10-11},
  copyright = {2021 The Author(s)},
  langid = {english}
}

@article{hugheyFastScalableEvaluation2020,
  title = {Fast and Scalable Evaluation of Pairwise Potentials},
  author = {Hughey, S. and Alsnayyan, A. and Aktulga, H. M. and Gao, T. and Shanker, B.},
  year = {2020},
  month = oct,
  journal = {Computer Physics Communications},
  volume = {255},
  pages = {107248},
  issn = {0010-4655},
  doi = {10.1016/j.cpc.2020.107248},
  urldate = {2021-01-06},
  langid = {english}
}

@article{imbalzanoUncertaintyEstimationMolecular2021,
  title = {Uncertainty Estimation for Molecular Dynamics and Sampling},
  author = {Imbalzano, Giulio and Zhuang, Yongbin and Kapil, Venkat and Rossi, Kevin and Engel, Edgar A. and Grasselli, Federico and Ceriotti, Michele},
  year = {2021},
  month = feb,
  journal = {The Journal of Chemical Physics},
  volume = {154},
  number = {7},
  pages = {074102},
  publisher = {{American Institute of Physics}},
  issn = {0021-9606},
  doi = {10.1063/5.0036522},
  urldate = {2022-06-21}
}

@article{jacobsenOntheFlyMachineLearning2018,
  title = {On-the-{{Fly Machine Learning}} of {{Atomic Potential}} in {{Density Functional Theory Structure Optimization}}},
  author = {Jacobsen, T. L. and J{\o}rgensen, M. S. and Hammer, B.},
  year = {2018},
  month = jan,
  journal = {Physical Review Letters},
  volume = {120},
  number = {2},
  pages = {026102},
  issn = {0031-9007, 1079-7114},
  doi = {10.1103/PhysRevLett.120.026102},
  urldate = {2021-06-30},
  langid = {english}
}

@article{jorgensenAtomisticStructureLearning2019,
  title = {Atomistic Structure Learning},
  author = {J{\o}rgensen, Mathias S. and Mortensen, Henrik L. and Meldgaard, S{\o}ren A. and Kolsbjerg, Esben L. and Jacobsen, Thomas L. and S{\o}rensen, Knud H. and Hammer, Bj{\o}rk},
  year = {2019},
  month = aug,
  journal = {The Journal of Chemical Physics},
  volume = {151},
  number = {5},
  pages = {054111},
  issn = {0021-9606, 1089-7690},
  doi = {10.1063/1.5108871},
  urldate = {2021-06-30},
  langid = {english}
}

@article{jorgensenCombiningEvolutionaryAlgorithms2017,
  title = {Combining {{Evolutionary Algorithms}} with {{Clustering}} toward {{Rational Global Structure Optimization}} at the {{Atomic Scale}}},
  author = {J{\o}rgensen, Mathias S. and Groves, Michael N. and Hammer, Bj{\o}rk},
  year = {2017},
  month = mar,
  journal = {Journal of Chemical Theory and Computation},
  volume = {13},
  number = {3},
  pages = {1486--1493},
  issn = {1549-9618, 1549-9626},
  doi = {10.1021/acs.jctc.6b01119},
  urldate = {2021-06-30},
  langid = {english}
}

@article{jorgensenExplorationExploitationGlobal2018,
  title = {Exploration versus {{Exploitation}} in {{Global Atomistic Structure Optimization}}},
  author = {J{\o}rgensen, Mathias S. and Larsen, Uffe F. and Jacobsen, Karsten W. and Hammer, Bj{\o}rk},
  year = {2018},
  month = feb,
  journal = {The Journal of Physical Chemistry A},
  volume = {122},
  number = {5},
  pages = {1504--1509},
  issn = {1089-5639, 1520-5215},
  doi = {10.1021/acs.jpca.8b00160},
  urldate = {2021-06-30},
  langid = {english}
}

@article{kasimDQCPythonProgram2022,
  title = {{{DQC}}: {{A Python}} Program Package for Differentiable Quantum Chemistry},
  shorttitle = {{{DQC}}},
  author = {Kasim, Muhammad F. and Lehtola, Susi and Vinko, Sam M.},
  year = {2022},
  month = feb,
  journal = {The Journal of Chemical Physics},
  volume = {156},
  number = {8},
  pages = {084801},
  issn = {0021-9606, 1089-7690},
  doi = {10.1063/5.0076202},
  urldate = {2023-08-09},
  langid = {english}
}

@article{keithCombiningMachineLearning2021,
  title = {Combining {{Machine Learning}} and {{Computational Chemistry}} for {{Predictive Insights Into Chemical Systems}}},
  author = {Keith, John A. and {Vassilev-Galindo}, Valentin and Cheng, Bingqing and Chmiela, Stefan and Gastegger, Michael and M{\"u}ller, Klaus-Robert and Tkatchenko, Alexandre},
  year = {2021},
  month = aug,
  journal = {Chemical Reviews},
  volume = {121},
  number = {16},
  pages = {9816--9872},
  issn = {0009-2665, 1520-6890},
  doi = {10.1021/acs.chemrev.1c00107},
  urldate = {2024-01-04},
  langid = {english}
}

@article{koistinenMinimumModeSaddle2020,
  title = {Minimum {{Mode Saddle Point Searches Using Gaussian Process Regression}} with {{Inverse-Distance Covariance Function}}},
  author = {Koistinen, Olli-Pekka and {\'A}sgeirsson, Vilhj{\'a}lmur and Vehtari, Aki and J{\'o}nsson, Hannes},
  year = {2020},
  month = jan,
  journal = {Journal of Chemical Theory and Computation},
  volume = {16},
  number = {1},
  pages = {499--509},
  publisher = {{American Chemical Society; http://web.archive.org/web/20200511135845/https://pubs.acs.org/doi/10.1021/acs.jctc.9b01038}},
  issn = {1549-9618},
  doi = {10.1021/acs.jctc.9b01038},
  urldate = {2020-05-11}
}

@article{koistinenNudgedElasticBand2017,
  title = {Nudged Elastic Band Calculations Accelerated with {{Gaussian}} Process Regression},
  author = {Koistinen, Olli-Pekka and Dagbjartsd{\'o}ttir, Freyja B. and {\'A}sgeirsson, Vilhj{\'a}lmur and Vehtari, Aki and J{\'o}nsson, Hannes},
  year = {2017},
  month = sep,
  journal = {The Journal of Chemical Physics},
  volume = {147},
  number = {15},
  pages = {152720},
  publisher = {{American Institute of Physics}},
  issn = {0021-9606},
  doi = {10.1063/1.4986787},
  urldate = {2020-03-02}
}

@article{koistinenNudgedElasticBand2019,
  title = {Nudged {{Elastic Band Calculations Accelerated}} with {{Gaussian Process Regression Based}} on {{Inverse Interatomic Distances}}},
  author = {Koistinen, Olli-Pekka and {\'A}sgeirsson, Vilhj{\'a}lmur and Vehtari, Aki and J{\'o}nsson, Hannes},
  year = {2019},
  month = dec,
  journal = {Journal of Chemical Theory and Computation},
  volume = {15},
  number = {12},
  pages = {6738--6751},
  publisher = {{American Chemical Society}},
  issn = {1549-9618},
  doi = {10.1021/acs.jctc.9b00692},
  urldate = {2020-03-02}
}

@article{kulikRoadmapMachineLearning2022,
  title = {Roadmap on {{Machine}} Learning in Electronic Structure},
  author = {Kulik, H. J. and Hammerschmidt, T. and Schmidt, J. and Botti, S. and Marques, M. A. L. and Boley, M. and Scheffler, M. and Todorovi{\'c}, M. and Rinke, P. and Oses, C. and Smolyanyuk, A. and Curtarolo, S. and Tkatchenko, A. and Bart{\'o}k, A. P. and Manzhos, S. and Ihara, M. and Carrington, T. and Behler, J. and Isayev, O. and Veit, M. and Grisafi, A. and Nigam, J. and Ceriotti, M. and Sch{\"u}tt, K. T. and Westermayr, J. and Gastegger, M. and Maurer, R. J. and Kalita, B. and Burke, K. and Nagai, R. and Akashi, R. and Sugino, O. and Hermann, J. and No{\'e}, F. and Pilati, S. and Draxl, C. and Kuban, M. and Rigamonti, S. and Scheidgen, M. and Esters, M. and Hicks, D. and Toher, C. and Balachandran, P. V. and Tamblyn, I. and Whitelam, S. and Bellinger, C. and Ghiringhelli, L. M.},
  year = {2022},
  month = jun,
  journal = {Electronic Structure},
  volume = {4},
  number = {2},
  pages = {023004},
  publisher = {{IOP Publishing}},
  issn = {2516-1075},
  doi = {10.1088/2516-1075/ac572f},
  urldate = {2022-09-25},
  langid = {english}
}

@article{larsenAtomicSimulationEnvironment2017,
  title = {The Atomic Simulation Environment{\textemdash}a {{Python}} Library for Working with Atoms},
  author = {Larsen, Ask Hjorth and Mortensen, Jens J{\o}rgen and Blomqvist, Jakob and Castelli, Ivano E. and Christensen, Rune and Du{\textbackslash}lak, Marcin and Friis, Jesper and Groves, Michael N. and Hammer, Bj{\o}rk and Hargus, Cory and Hermes, Eric D. and Jennings, Paul C. and Jensen, Peter Bjerre and Kermode, James and Kitchin, John R. and Kolsbjerg, Esben Leonhard and Kubal, Joseph and Kaasbjerg, Kristen and Lysgaard, Steen and Maronsson, J{\'o}n Bergmann and Maxson, Tristan and Olsen, Thomas and Pastewka, Lars and Peterson, Andrew and Rostgaard, Carsten and Schi{\o}tz, Jakob and Sch{\"u}tt, Ole and Strange, Mikkel and Thygesen, Kristian S. and Vegge, Tejs and Vilhelmsen, Lasse and Walter, Michael and Zeng, Zhenhua and Jacobsen, Karsten W.},
  year = {2017},
  month = jun,
  journal = {Journal of Physics: Condensed Matter},
  volume = {29},
  number = {27},
  pages = {273002},
  issn = {0953-8984},
  doi = {10.1088/1361-648X/aa680e},
  urldate = {2020-01-24},
  langid = {english}
}

@article{lejaeghereReproducibilityDensityFunctional2016a,
  title = {Reproducibility in Density Functional Theory Calculations of Solids},
  author = {Lejaeghere, Kurt and Bihlmayer, Gustav and Bj{\"o}rkman, Torbj{\"o}rn and Blaha, Peter and Bl{\"u}gel, Stefan and Blum, Volker and Caliste, Damien and Castelli, Ivano E. and Clark, Stewart J. and Dal Corso, Andrea and De Gironcoli, Stefano and Deutsch, Thierry and Dewhurst, John Kay and Di Marco, Igor and Draxl, Claudia and Du{\l}ak, Marcin and Eriksson, Olle and {Flores-Livas}, Jos{\'e} A. and Garrity, Kevin F. and Genovese, Luigi and Giannozzi, Paolo and Giantomassi, Matteo and Goedecker, Stefan and Gonze, Xavier and Gr{\aa}n{\"a}s, Oscar and Gross, E. K. U. and Gulans, Andris and Gygi, Fran{\c c}ois and Hamann, D. R. and Hasnip, Phil J. and Holzwarth, N. A. W. and Iu{\c s}an, Diana and Jochym, Dominik B. and Jollet, Fran{\c c}ois and Jones, Daniel and Kresse, Georg and Koepernik, Klaus and K{\"u}{\c c}{\"u}kbenli, Emine and Kvashnin, Yaroslav O. and Locht, Inka L. M. and Lubeck, Sven and Marsman, Martijn and Marzari, Nicola and Nitzsche, Ulrike and Nordstr{\"o}m, Lars and Ozaki, Taisuke and Paulatto, Lorenzo and Pickard, Chris J. and Poelmans, Ward and Probert, Matt I. J. and Refson, Keith and Richter, Manuel and Rignanese, Gian-Marco and Saha, Santanu and Scheffler, Matthias and Schlipf, Martin and Schwarz, Karlheinz and Sharma, Sangeeta and Tavazza, Francesca and Thunstr{\"o}m, Patrik and Tkatchenko, Alexandre and Torrent, Marc and Vanderbilt, David and Van Setten, Michiel J. and Van Speybroeck, Veronique and Wills, John M. and Yates, Jonathan R. and Zhang, Guo-Xu and Cottenier, Stefaan},
  year = {2016},
  month = mar,
  journal = {Science},
  volume = {351},
  number = {6280},
  pages = {aad3000},
  issn = {0036-8075, 1095-9203},
  doi = {10.1126/science.aad3000},
  urldate = {2023-08-09},
  langid = {english}
}

@article{linGeneralizedEfficientAlgorithm2015,
  title = {Generalized and Efficient Algorithm for Computing Multipole Energies and Gradients Based on {{Cartesian}} Tensors},
  author = {Lin, Dejun},
  year = {2015},
  month = sep,
  journal = {The Journal of Chemical Physics},
  volume = {143},
  number = {11},
  pages = {114115},
  issn = {0021-9606},
  doi = {10.1063/1.4930984},
  urldate = {2020-02-17}
}

@article{madychBoundsMultivariatePolynomials1992,
  title = {Bounds on Multivariate Polynomials and Exponential Error Estimates for Multiquadric Interpolation},
  author = {Madych, W.R and Nelson, S.A},
  year = {1992},
  month = jul,
  journal = {Journal of Approximation Theory},
  volume = {70},
  number = {1},
  pages = {94--114},
  issn = {00219045},
  doi = {10.1016/0021-9045(92)90058-V},
  urldate = {2023-08-09},
  langid = {english}
}

@article{mannaLearningContinuousAction2022,
  title = {Learning in Continuous Action Space for Developing High Dimensional Potential Energy Models},
  author = {Manna, Sukriti and Loeffler, Troy D. and Batra, Rohit and Banik, Suvo and Chan, Henry and Varughese, Bilvin and Sasikumar, Kiran and Sternberg, Michael and Peterka, Tom and Cherukara, Mathew J. and Gray, Stephen K. and Sumpter, Bobby G. and Sankaranarayanan, Subramanian K. R. S.},
  year = {2022},
  month = jan,
  journal = {Nature Communications},
  volume = {13},
  number = {1},
  pages = {368},
  publisher = {{Nature Publishing Group}},
  issn = {2041-1723},
  doi = {10.1038/s41467-021-27849-6},
  urldate = {2023-01-30},
  copyright = {2022 This is a U.S. Government work and not under copyright protection in the US; foreign copyright protection may apply},
  langid = {english}
}

@article{mantzEnsembleTransitionState2009,
  title = {Ensemble of {{Transition State Structures}} for the {{Cis}}-{{Trans Isomerization}} of {{{\emph{N}}}} -{{Methylacetamide}}},
  author = {Mantz, Yves A. and Branduardi, Davide and Bussi, Giovanni and Parrinello, Michele},
  year = {2009},
  month = sep,
  journal = {The Journal of Physical Chemistry B},
  volume = {113},
  number = {37},
  pages = {12521--12529},
  issn = {1520-6106, 1520-5207},
  doi = {10.1021/jp8106556},
  urldate = {2023-08-09},
  langid = {english}
}

@article{martinez-nunezAutomatedTransitionState2015,
  title = {An Automated Transition State Search Using Classical Trajectories Initialized at Multiple Minima},
  author = {{Mart{\'i}nez-N{\'u}{\~n}ez}, Emilio},
  year = {2015},
  journal = {Physical Chemistry Chemical Physics},
  volume = {17},
  number = {22},
  pages = {14912--14921},
  issn = {1463-9076, 1463-9084},
  doi = {10.1039/C5CP02175H},
  urldate = {2023-08-09},
  langid = {english}
}

@inproceedings{meantiKernelMethodsRoof2020,
  title = {Kernel Methods through the Roof: Handling Billions of Points Efficiently},
  shorttitle = {Kernel Methods through the Roof},
  booktitle = {Proceedings of the 34th {{International Conference}} on {{Neural Information Processing Systems}}},
  author = {Meanti, Giacomo and Carratino, Luigi and Rosasco, Lorenzo and Rudi, Alessandro},
  year = {2020},
  month = dec,
  series = {{{NIPS}}'20},
  pages = {14410--14422},
  publisher = {{Curran Associates Inc.}},
  address = {{Red Hook, NY, USA}},
  urldate = {2023-08-09},
  isbn = {978-1-71382-954-6}
}

@article{meldgaardMachineLearningEnhanced2018,
  title = {Machine Learning Enhanced Global Optimization by Clustering Local Environments to Enable Bundled Atomic Energies},
  author = {Meldgaard, S{\o}ren A. and Kolsbjerg, Esben L. and Hammer, Bj{\o}rk},
  year = {2018},
  month = oct,
  journal = {The Journal of Chemical Physics},
  volume = {149},
  number = {13},
  pages = {134104},
  issn = {0021-9606, 1089-7690},
  doi = {10.1063/1.5048290},
  urldate = {2021-06-30},
  langid = {english}
}

@article{meyBestPracticesAlchemical2020,
  title = {Best {{Practices}} for {{Alchemical Free Energy Calculations}} [{{Article}} v1.0]},
  author = {Mey, Antonia S. J. S. and Allen, Bryce K. and McDonald, Hannah E. Bruce and Chodera, John D. and Hahn, David F. and Kuhn, Maxmillian and Michel, Julien and Mobley, David L. and Naden, Levi N. and Prasad, Samarjeet and Rizzi, Andrea and Scheen, Jenke and Shirts, Michael R. and Tresadern, Gary and Xu, Huafeng},
  year = {2020},
  month = dec,
  journal = {Living Journal of Computational Molecular Science},
  volume = {2},
  number = {1},
  pages = {18378--18378},
  issn = {2575-6524},
  doi = {10.33011/livecoms.2.1.18378},
  urldate = {2023-08-17},
  copyright = {Copyright (c) 2020},
  langid = {english}
}

@article{meyerMachineLearningComputational2019,
  title = {Machine {{Learning}} in {{Computational Chemistry}}: {{An Evaluation}} of {{Method Performance}} for {{Nudged Elastic Band Calculations}}},
  shorttitle = {Machine {{Learning}} in {{Computational Chemistry}}},
  author = {Meyer, Ralf and Schmuck, Klemens S. and Hauser, Andreas W.},
  year = {2019},
  month = nov,
  journal = {Journal of Chemical Theory and Computation},
  volume = {15},
  number = {11},
  pages = {6513--6523},
  publisher = {{American Chemical Society}},
  issn = {1549-9618},
  doi = {10.1021/acs.jctc.9b00708},
  urldate = {2020-03-29}
}

@article{mortensenAtomisticStructureLearning2020,
  title = {Atomistic Structure Learning Algorithm with Surrogate Energy Model Relaxation},
  author = {Mortensen, Henrik Lund and Meldgaard, S{\o}ren Ager and Bisbo, Malthe Kj{\ae}r and Christiansen, Mads-Peter V. and Hammer, Bj{\o}rk},
  year = {2020},
  month = aug,
  journal = {Physical Review B},
  volume = {102},
  number = {7},
  pages = {075427},
  issn = {2469-9950, 2469-9969},
  doi = {10.1103/PhysRevB.102.075427},
  urldate = {2021-06-30},
  langid = {english}
}

@book{murphyMachineLearningProbabilistic2012,
  title = {Machine Learning: A Probabilistic Perspective},
  shorttitle = {Machine Learning},
  author = {Murphy, Kevin P.},
  year = {2012},
  series = {Adaptive Computation and Machine Learning Series},
  publisher = {{MIT Press}},
  address = {{Cambridge, MA}},
  isbn = {978-0-262-01802-9},
  langid = {english},
  lccn = {Q325.5 .M87 2012}
}

@article{musilPhysicsInspiredStructuralRepresentations2021a,
  title = {Physics-{{Inspired Structural Representations}} for {{Molecules}} and {{Materials}}},
  author = {Musil, Felix and Grisafi, Andrea and Bart{\'o}k, Albert P. and Ortner, Christoph and Cs{\'a}nyi, G{\'a}bor and Ceriotti, Michele},
  year = {2021},
  month = aug,
  journal = {Chemical Reviews},
  volume = {121},
  number = {16},
  pages = {9759--9815},
  issn = {0009-2665, 1520-6890},
  doi = {10.1021/acs.chemrev.1c00021},
  urldate = {2023-08-09},
  langid = {english}
}

@article{musilPhysicsInspiredStructuralRepresentations2021b,
  title = {Physics-{{Inspired Structural Representations}} for {{Molecules}} and {{Materials}}},
  author = {Musil, Felix and Grisafi, Andrea and Bart{\'o}k, Albert P. and Ortner, Christoph and Cs{\'a}nyi, G{\'a}bor and Ceriotti, Michele},
  year = {2021},
  month = aug,
  journal = {Chemical Reviews},
  volume = {121},
  number = {16},
  pages = {9759--9815},
  issn = {0009-2665, 1520-6890},
  doi = {10.1021/acs.chemrev.1c00021},
  urldate = {2023-08-17},
  langid = {english}
}

@article{nagaiCompletingDensityFunctional2020a,
  title = {Completing Density Functional Theory by Machine Learning Hidden Messages from Molecules},
  author = {Nagai, Ryo and Akashi, Ryosuke and Sugino, Osamu},
  year = {2020},
  month = may,
  journal = {npj Computational Materials},
  volume = {6},
  number = {1},
  pages = {1--8},
  publisher = {{Nature Publishing Group}},
  issn = {2057-3960},
  doi = {10.1038/s41524-020-0310-0},
  urldate = {2022-10-11},
  copyright = {2020 The Author(s)},
  langid = {english}
}

@article{offei-dansoHighDimensionalFluctuationsLiquid2022,
  title = {High-{{Dimensional Fluctuations}} in {{Liquid Water}}: {{Combining Chemical Intuition}} with {{Unsupervised Learning}}},
  shorttitle = {High-{{Dimensional Fluctuations}} in {{Liquid Water}}},
  author = {{Offei-Danso}, Adu and Hassanali, Ali and Rodriguez, Alex},
  year = {2022},
  month = may,
  journal = {Journal of Chemical Theory and Computation},
  volume = {18},
  number = {5},
  pages = {3136--3150},
  publisher = {{American Chemical Society}},
  issn = {1549-9618},
  doi = {10.1021/acs.jctc.1c01292},
  urldate = {2023-01-30}
}

@inproceedings{perdewJacobLadderDensity2001a,
  title = {Jacob's Ladder of Density Functional Approximations for the Exchange-Correlation Energy},
  booktitle = {{{AIP Conference Proceedings}}},
  author = {Perdew, John P.},
  year = {2001},
  volume = {577},
  pages = {1--20},
  publisher = {{AIP}},
  address = {{Antwerp (Belgium)}},
  issn = {0094243X},
  doi = {10.1063/1.1390175},
  urldate = {2023-08-09},
  langid = {english}
}

@incollection{pizziOpenSciencePlatformComputational2020,
  title = {Open-{{Science Platform}} for {{Computational Materials Science}}: {{AiiDA}} and the {{Materials Cloud}}},
  shorttitle = {Open-{{Science Platform}} for {{Computational Materials Science}}},
  booktitle = {Handbook of {{Materials Modeling}}},
  author = {Pizzi, Giovanni},
  editor = {Andreoni, Wanda and Yip, Sidney},
  year = {2020},
  pages = {1813--1835},
  publisher = {{Springer International Publishing}},
  address = {{Cham}},
  doi = {10.1007/978-3-319-44677-6_64},
  urldate = {2022-10-11},
  isbn = {978-3-319-44676-9 978-3-319-44677-6},
  langid = {english}
}

@article{pizziProvenanceWorkflowsCrystallographic2018,
  title = {Provenance, Workflows, and Crystallographic Tools in Materials Science: {{AiiDA}}, Spglib, and Seekpath},
  shorttitle = {Provenance, Workflows, and Crystallographic Tools in Materials Science},
  author = {Pizzi, Giovanni and Togo, Atsushi and Kozinsky, Boris},
  year = {2018},
  month = sep,
  journal = {MRS Bulletin},
  volume = {43},
  number = {9},
  pages = {696--702},
  publisher = {{Cambridge University Press}},
  issn = {0883-7694, 1938-1425},
  doi = {10.1557/mrs.2018.203},
  urldate = {2022-10-11},
  langid = {english}
}

@article{pozdnyakovCompletenessAtomicStructure2020,
  title = {On the {{Completeness}} of {{Atomic Structure Representations}}},
  author = {Pozdnyakov, Sergey N. and Willatt, Michael J. and Bart{\'o}k, Albert P. and Ortner, Christoph and Cs{\'a}nyi, G{\'a}bor and Ceriotti, Michele},
  year = {2020},
  month = jun,
  journal = {arXiv:2001.11696 [cond-mat, physics:physics]},
  eprint = {2001.11696},
  primaryclass = {cond-mat, physics:physics},
  urldate = {2020-06-19},
  archiveprefix = {arxiv}
}

@article{prernaStudyIceNucleation2019,
  ids = {Prerna2019,prernaStudyIceNucleation,prernaStudyIceNucleation2019a},
  title = {Study of Ice Nucleation on Silver Iodide Surface with Defects},
  author = {{Prerna} and Goswami, Rohit and Metya, Atanu K. and Shevkunov, S. V. and Singh, Jayant K.},
  year = {2019},
  month = aug,
  journal = {Molecular Physics},
  pages = {1--13},
  publisher = {{Taylor and Francis}},
  issn = {0026-8976, 1362-3028},
  doi = {10/gf62dn},
  urldate = {2019-08-26},
  copyright = {All rights reserved},
  langid = {english},
  annotation = {00000}
}

@article{prodanNearsightednessElectronicMatter2005,
  title = {Nearsightedness of Electronic Matter},
  author = {Prodan, E. and Kohn, W.},
  year = {2005},
  month = aug,
  journal = {Proceedings of the National Academy of Sciences},
  volume = {102},
  number = {33},
  pages = {11635--11638},
  issn = {0027-8424, 1091-6490},
  doi = {10.1073/pnas.0505436102},
  urldate = {2023-08-09},
  langid = {english}
}

@article{rajanMachineLearningAssistedAccurateBand2018,
  title = {Machine-{{Learning-Assisted Accurate Band Gap Predictions}} of {{Functionalized MXene}}},
  author = {Rajan, Arunkumar Chitteth and Mishra, Avanish and Satsangi, Swanti and Vaish, Rishabh and Mizuseki, Hiroshi and Lee, Kwang-Ryeol and Singh, Abhishek K.},
  year = {2018},
  month = jun,
  journal = {Chemistry of Materials},
  volume = {30},
  number = {12},
  pages = {4031--4038},
  publisher = {{American Chemical Society}},
  issn = {0897-4756},
  doi = {10.1021/acs.chemmater.8b00686},
  urldate = {2023-01-03}
}

@article{ramakrishnanBigDataMeets2015,
  title = {Big {{Data Meets Quantum Chemistry Approximations}}: {{The $\Delta$-Machine Learning Approach}}},
  shorttitle = {Big {{Data Meets Quantum Chemistry Approximations}}},
  author = {Ramakrishnan, Raghunathan and Dral, Pavlo O. and Rupp, Matthias and Von Lilienfeld, O. Anatole},
  year = {2015},
  month = may,
  journal = {Journal of Chemical Theory and Computation},
  volume = {11},
  number = {5},
  pages = {2087--2096},
  issn = {1549-9618, 1549-9626},
  doi = {10.1021/acs.jctc.5b00099},
  urldate = {2023-08-09},
  langid = {english}
}

@article{rayRareEventKinetics2022,
  title = {Rare {{Event Kinetics}} from {{Adaptive Bias Enhanced Sampling}}},
  author = {Ray, Dhiman and Ansari, Narjes and Rizzi, Valerio and Invernizzi, Michele and Parrinello, Michele},
  year = {2022},
  month = nov,
  journal = {Journal of Chemical Theory and Computation},
  volume = {18},
  number = {11},
  pages = {6500--6509},
  issn = {1549-9618, 1549-9626},
  doi = {10.1021/acs.jctc.2c00806},
  urldate = {2023-08-09},
  langid = {english}
}

@article{simmReinforcementLearningMolecular2020,
  title = {Reinforcement {{Learning}} for {{Molecular Design Guided}} by {{Quantum Mechanics}}},
  author = {Simm, Gregor N. C. and Pinsler, Robert and {Hern{\'a}ndez-Lobato}, Jos{\'e} Miguel},
  year = {2020},
  journal = {ArXiv}
}

@book{stoneTheoryIntermolecularForces2013,
  title = {The Theory of Intermolecular Forces},
  author = {Stone, A. J.},
  year = {2013},
  edition = {Second edition},
  publisher = {{Oxford University Press}},
  address = {{Oxford}},
  isbn = {978-0-19-967239-4},
  langid = {english},
  lccn = {QD461 .S874 2013},
  annotation = {00112}
}

@article{stukowskiAtomicrexGeneralPurpose2017,
  title = {Atomicrex{\textemdash}a General Purpose Tool for the Construction of Atomic Interaction Models},
  author = {Stukowski, Alexander and Fransson, Erik and Mock, Markus and Erhart, Paul},
  year = {2017},
  month = may,
  journal = {Modelling and Simulation in Materials Science and Engineering},
  volume = {25},
  number = {5},
  pages = {055003},
  publisher = {{IOP Publishing}},
  issn = {0965-0393},
  doi = {10.1088/1361-651X/aa6ecf},
  urldate = {2022-10-11},
  langid = {english}
}

@article{tamayo-mendozaAutomaticDifferentiationQuantum2018b,
  title = {Automatic {{Differentiation}} in {{Quantum Chemistry}} with {{Applications}} to {{Fully Variational Hartree}}{\textendash}{{Fock}}},
  author = {{Tamayo-Mendoza}, Teresa and Kreisbeck, Christoph and Lindh, Roland and {Aspuru-Guzik}, Al{\'a}n},
  year = {2018},
  month = may,
  journal = {ACS Central Science},
  volume = {4},
  number = {5},
  pages = {559--566},
  issn = {2374-7943, 2374-7951},
  doi = {10.1021/acscentsci.7b00586},
  urldate = {2023-08-09},
  langid = {english}
}

@article{thompsonOptimizingActiveLearning2022,
  title = {Optimizing Active Learning for Free Energy Calculations},
  author = {Thompson, James and Walters, W Patrick and Feng, Jianwen A and Pabon, Nicolas A and Xu, Hongcheng and Maser, Michael and Goldman, Brian B and Moustakas, Demetri and Schmidt, Molly and York, Forrest},
  year = {2022},
  month = dec,
  journal = {Artificial Intelligence in the Life Sciences},
  volume = {2},
  pages = {100050},
  issn = {26673185},
  doi = {10.1016/j.ailsci.2022.100050},
  urldate = {2024-01-04},
  langid = {english}
}

@techreport{tkaczykUsingNeuralNetwork2023,
  type = {Preprint},
  title = {Using {{Neural Network Potentials}} to Efficiently Calculate Indirect Free Energy Estimates},
  author = {Tkaczyk, Sara and Karwounopoulos, Johannes and Sch{\"o}ller, Andreas and Woodcock, H. Lee and Langer, Thierry and Boresch, Stefan and Wieder, Marcus},
  year = {2023},
  month = may,
  institution = {{Chemistry}},
  doi = {10.26434/chemrxiv-2023-qq206},
  urldate = {2023-08-17}
}

@article{uhrinWorkflowsAiiDAEngineering2021,
  title = {Workflows in {{AiiDA}}: {{Engineering}} a High-Throughput, Event-Based Engine for Robust and Modular Computational Workflows},
  shorttitle = {Workflows in {{AiiDA}}},
  author = {Uhrin, Martin and Huber, Sebastiaan P. and Yu, Jusong and Marzari, Nicola and Pizzi, Giovanni},
  year = {2021},
  month = feb,
  journal = {Computational Materials Science},
  volume = {187},
  pages = {110086},
  issn = {0927-0256},
  doi = {10.1016/j.commatsci.2020.110086},
  urldate = {2022-10-11},
  langid = {english}
}

@article{vangunsterenValidationMolecularSimulation2018,
  title = {Validation of {{Molecular Simulation}}: {{An Overview}} of {{Issues}}},
  shorttitle = {Validation of {{Molecular Simulation}}},
  author = {{van Gunsteren}, Wilfred F. and Daura, Xavier and Hansen, Niels and Mark, Alan E. and Oostenbrink, Chris and Riniker, Sereina and Smith, Lorna J.},
  year = {2018},
  month = jan,
  journal = {Angewandte Chemie International Edition},
  volume = {57},
  number = {4},
  pages = {884--902},
  issn = {14337851},
  doi = {10.1002/anie.201702945},
  urldate = {2023-08-09},
  langid = {english}
}

@article{Vega2009,
  title = {What Ice Can Teach Us about Water Interactions: A Critical Comparison of the Performance of Different Water Models},
  author = {Vega, C. and Abascal, J. L. F. and Conde, M. M. and Aragones, J. L.},
  year = {2009},
  journal = {Faraday Discussions},
  volume = {141},
  pages = {251--276},
  publisher = {{Royal Society of Chemistry (RSC)}},
  doi = {10.1039/b805531a}
}

@article{vieringShapeLearningCurves2023,
  title = {The {{Shape}} of {{Learning Curves}}: {{A Review}}},
  shorttitle = {The {{Shape}} of {{Learning Curves}}},
  author = {Viering, Tom and Loog, Marco},
  year = {2023},
  month = jun,
  journal = {IEEE Transactions on Pattern Analysis and Machine Intelligence},
  volume = {45},
  number = {6},
  pages = {7799--7819},
  issn = {0162-8828, 2160-9292, 1939-3539},
  doi = {10.1109/TPAMI.2022.3220744},
  urldate = {2023-08-09}
}

@article{vonrudorffArbitrarilyAccurateQuantum2021,
  title = {Arbitrarily Accurate Quantum Alchemy},
  author = {{von Rudorff}, Guido Falk},
  year = {2021},
  month = dec,
  journal = {The Journal of Chemical Physics},
  volume = {155},
  number = {22},
  pages = {224103},
  issn = {0021-9606},
  doi = {10.1063/5.0073941},
  urldate = {2024-01-04}
}

@article{vuUnderstandingKernelRidge2015,
  title = {Understanding Kernel Ridge Regression: {{Common}} Behaviors from Simple Functions to Density Functionals},
  shorttitle = {Understanding Kernel Ridge Regression},
  author = {Vu, Kevin and Snyder, John C. and Li, Li and Rupp, Matthias and Chen, Brandon F. and Khelif, Tarek and M{\"u}ller, Klaus-Robert and Burke, Kieron},
  year = {2015},
  month = aug,
  journal = {International Journal of Quantum Chemistry},
  volume = {115},
  number = {16},
  pages = {1115--1128},
  issn = {00207608},
  doi = {10.1002/qua.24939},
  urldate = {2023-08-09},
  langid = {english}
}

@article{wanReducedspaceGaussianProcess2017,
  title = {Reduced-Space {{Gaussian Process Regression}} for Data-Driven Probabilistic Forecast of Chaotic Dynamical Systems},
  author = {Wan, Zhong Yi and Sapsis, Themistoklis P.},
  year = {2017},
  month = apr,
  journal = {Physica D: Nonlinear Phenomena},
  volume = {345},
  pages = {40--55},
  issn = {01672789},
  doi = {10.1016/j.physd.2016.12.005},
  urldate = {2024-01-04},
  langid = {english}
}

@techreport{wiederTeachingFreeEnergy2021,
  type = {Preprint},
  title = {Teaching Free Energy Calculations to Learn from Experimental Data},
  author = {Wieder, Marcus and Fass, Josh and Chodera, John D.},
  year = {2021},
  month = aug,
  institution = {{Biophysics}},
  doi = {10.1101/2021.08.24.457513},
  urldate = {2023-08-17},
  langid = {english}
}

@article{willattAtomdensityRepresentationsMachine2019,
  title = {Atom-Density Representations for Machine Learning},
  author = {Willatt, Michael J. and Musil, F{\'e}lix and Ceriotti, Michele},
  year = {2019},
  month = apr,
  journal = {The Journal of Chemical Physics},
  volume = {150},
  number = {15},
  pages = {154110},
  publisher = {{American Institute of Physics}},
  issn = {0021-9606},
  doi = {10.1063/1.5090481},
  urldate = {2023-01-30}
}

@article{zaspelBoostingQuantumMachine2019,
  title = {Boosting {{Quantum Machine Learning Models}} with a {{Multilevel Combination Technique}}: {{Pople Diagrams Revisited}}},
  shorttitle = {Boosting {{Quantum Machine Learning Models}} with a {{Multilevel Combination Technique}}},
  author = {Zaspel, Peter and Huang, Bing and Harbrecht, Helmut and Von Lilienfeld, O. Anatole},
  year = {2019},
  month = mar,
  journal = {Journal of Chemical Theory and Computation},
  volume = {15},
  number = {3},
  pages = {1546--1559},
  issn = {1549-9618, 1549-9626},
  doi = {10.1021/acs.jctc.8b00832},
  urldate = {2023-08-09},
  langid = {english}
}

@article{zhangPhysicallyInspiredAtomcentered2021,
  title = {Physically Inspired Atom-Centered Symmetry Functions for the Construction of High Dimensional Neural Network Potential Energy Surfaces},
  author = {Zhang, Kangyu and Yin, Lichang and Liu, Gang},
  year = {2021},
  month = jan,
  journal = {Computational Materials Science},
  volume = {186},
  pages = {110071},
  issn = {0927-0256},
  doi = {10.1016/j.commatsci.2020.110071},
  urldate = {2023-02-21},
  langid = {english}
}

@article{ziatdinovPhysicsMakesDifference2022,
  title = {Physics Makes the Difference: {{Bayesian}} Optimization and Active Learning via Augmented {{Gaussian}} Process},
  shorttitle = {Physics Makes the Difference},
  author = {Ziatdinov, Maxim A. and Ghosh, Ayana and Kalinin, Sergei V.},
  year = {2022},
  month = feb,
  journal = {Machine Learning: Science and Technology},
  volume = {3},
  number = {1},
  pages = {015003},
  publisher = {{IOP Publishing}},
  issn = {2632-2153},
  doi = {10.1088/2632-2153/ac4baa},
  urldate = {2024-01-04},
  langid = {english}
}

@article{zuoPerformanceCostAssessment2020,
  title = {Performance and {{Cost Assessment}} of {{Machine Learning Interatomic Potentials}}},
  author = {Zuo, Yunxing and Chen, Chi and Li, Xiangguo and Deng, Zhi and Chen, Yiming and Behler, J{\"o}rg and Cs{\'a}nyi, G{\'a}bor and Shapeev, Alexander V. and Thompson, Aidan P. and Wood, Mitchell A. and Ong, Shyue Ping},
  year = {2020},
  month = jan,
  journal = {The Journal of Physical Chemistry A},
  volume = {124},
  number = {4},
  pages = {731--745},
  issn = {1089-5639, 1520-5215},
  doi = {10.1021/acs.jpca.9b08723},
  urldate = {2023-02-21},
  langid = {english}
}
